@book{计算机图形学基础,	
	title = {计算机图形学基础},
	author = {陆枫\ 何云峰},
	year = {2008.10},
	publisher = {北京：电子工业出版社}
}