@article {中国COVID-19爆发的流行动力学模型和控制,
	title={Modeling the Epidemic Dynamics and Control of COVID-19 Outbreak in China},
	author={Zhao, Shilei and Chen, Hua},
	journal={medRxiv},
	year={2020},
	doi={10.1101/2020.02.27.20028639},
	publisher={Cold Spring Harbor Laboratory Press}
}
@article{估计2019年新型冠状病毒的流行性：数学建模研究,
title={Estimation of the epidemic properties of the 2019 novel coronavirus: A mathematical modeling study},
author={Li, Jinghua and Wang, Yijing and Gilmour, Stuart and Wang, Mengying and Yoneoka, Daisuke and Wang, Ying and You, Xinyi and Gu, Jing and Hao, Chun and Peng, Liping and others},
year={2020},
doi={10.1101/2020.02.18.20024315}
}
@article {通过流行病学建模表征传播和确定COVID-19的控制策略,
	title={Characterizing the transmission and identifying the control strategy for COVID-19 through epidemiological modeling},
	author={Zhang, Ke K and Xie, Linglin and Lawless, Lauren and Zhou, Huijuan and Gao, Guannan and Xue, Chengbin},
	journal={medRxiv},
	year={2020},
	publisher={Cold Spring Harbor Laboratory Press},
	doi={10.1101/2020.02.24.20026773}
}
@article {2019年冠状病毒疾病控制策略的有效性：SEIR动态建模研究,
	title={Effectiveness of control strategies for Coronavirus Disease 2019: a SEIR dynamic modeling study},
	author={Pan, Jinhua and Yao, Ye and Liu, Zhixi and Li, Mengyi and Wang, Ying and Dong, Weizhen and Kan, Haidong and Wang, Weibing},
	journal={medRxiv},
	year={2020},
	publisher={Cold Spring Harbor Laboratory Press},
	doi={10.2471/BLT.20.253807}
}
@article {估计2020年公主邮轮船上2019年新型冠状病毒的无症状比率,
	title={Estimating the Asymptomatic Ratio of 2019 Novel Coronavirus onboard the Princess Cruises Ship, 2020},
	author={Mizumoto, Kenji and Kagaya, Katsushi and Zarebski, Alexander and Chowell, Gerardo},
	journal={medRxiv},
	year={2020},
	publisher={Cold Spring Harbor Laboratory Press},
	doi={10.1101/2020.02.20.20025866}
}
@article {结合人类迁移数据的2019年冠状病毒疾病在中国传播的建模与预测,
	title={Modelling and Prediction of the 2019 Coronavirus Disease Spreading in China Incorporating Human Migration Data},
	author={Zhan, Choujun and Tse, Chi and Fu, Yuxia and Lai, Zhikang and Zhang, Haijun},
	journal={Available at SSRN 3546051},
	year={2020},
	doi={10.1101/2020.02.18.20024570}
}
@article {基于动力学模型的中国COVID-19流行病学分析,
	title={Epidemic analysis of COVID-19 in China by dynamical modeling},
	author={Peng, Liangrong and Yang, Wuyue and Zhang, Dongyan and Zhuge, Changjing and Hong, Liu},
	journal={arXiv preprint arXiv:2002.06563},
	year={2020},
	doi={10.1101/2020.02.18.20024570}
}
@article {SEIR建模分析与新型冠状病毒的斗争何时在武汉结束,
	author = {zhang, lianglu and wan, kangkang and chen, jing and lu, changming and dong, lanlan and wu, zhicheng},
	title = {When will the battle against novel coronavirus end in Wuhan: a SEIR modeling analysis},
	year = {2020},
	publisher = {Cold Spring Harbor Laboratory Press},
	journal = {medRxiv},
	doi={10.1101/2020.02.16.20023804}
}
@article {协调基本生殖数量及其不确定性的早期暴发估计：新型冠状病毒（SARS-CoV-2）暴发的框架和应用,
	title={Reconciling early-outbreak estimates of the basic reproductive number and its uncertainty: framework and applications to the novel coronavirus (SARS-CoV-2) outbreak},
	author={Park, Sang Woo and Bolker, Benjamin M and Champredon, David and Earn, David JD and Li, Michael and Weitz, Joshua S and Grenfell, Bryan T and Dushoff, Jonathan},
	journal={medRxiv},
	year={2020},
	publisher={Cold Spring Harbor Laboratory Press},
	doi={10.1101/2020.01.30.20019877}
}
@article{基于SEIR的社交网络信息传播模型,
	title={基于 SEIR 的社交网络信息传播模型},
	author={王超 and 杨旭颖 and 徐珂 and 马建峰},
	journal={电子学报},
	volume={42},
	number={11},
	pages={2325--2330},
	year={2014},
	mark={A}
}
@article{对流行病数学理论的贡献,
	title={A contribution to the mathematical theory of epidemics},
	author={Kermack, William Ogilvy and McKendrick, Anderson G},
	journal={Proceedings of the royal society of london. Series A, Containing papers of a mathematical and physical character},
	volume={115},
	number={772},
	pages={700--721},
	year={1927},
	publisher={The Royal Society London}
}
@article{Kermack-McKendrick确定性流行病模型的推广,
	title={A generalization of the Kermack-McKendrick deterministic epidemic model},
	author={Capasso, Vincenzo and Serio, Gabriella},
	journal={Mathematical Biosciences},
	volume={42},
	number={1-2},
	pages={43--61},
	year={1978},
	publisher={Elsevier}
}
@article{应用SEIR模型预测2009年甲型H1N1流感流行趋势,
	title={应用SEIR 模型预测2009 年甲型H1N1 流感流行趋势},
	author={王小莉 and 曹志冬 and 曾大军},
	journal={国际病毒学杂志},
	volume={18},
	number={6},
	pages={161--171},
	month={10},
	year={2011}
}
@newspaper{一类具有潜伏期的SEIR手足口病模型的研究,
title={一类具有潜伏期的SEIR手足口病模型的研究},
author={王晓红},
journal={吕梁学院学报},
volume={3},
pages={9--11},
year={2015}
}
@article{基于改良SEIR模型的微博话题式信息传播研究,
	title={基于改良 SEIR 模型的微博话题式信息传播研究},
	author={崔金栋 and 郑鹊 and 孙硕},
	journal={情报科学},
	volume={35},
	pages={22--27},
	year={2017}
}